@misc{schulman,
      title={Proximal Policy Optimization Algorithms}, 
      author={John Schulman and Filip Wolski and Prafulla Dhariwal and Alec Radford and Oleg Klimov},
      year={2017},
      eprint={1707.06347},
      archivePrefix={arXiv},
      primaryClass={cs.LG},
      url={https://arxiv.org/abs/1707.06347}, 
}
@inproceedings{burda2018exploration,
  title={Exploration by Random Network Distillation},
  author={Burda, Yuri and Edwards, Harrison and Storkey, Amos and Klimov, Oleg},
  booktitle={International Conference on Learning Representations},
  year={2019}
}

@article{salim, address={IR},
   title={A Deep Reinforcement Learning Approach to Automated Stock Trading using xLSTM Networks},
   url={https://doi.org/10.48308/jicse.2025.239844.1077},
   DOI={10.48308/jicse.2025.239844.1077},
   number={Online First},
   journal={Journal of Innovations in Computer Science and Engineering (JICSE)},
   publisher={Shahid Beheshti University},
   author={SalimiBadr, Armin and Sarlakifar, Faezeh and Mohammadzadeh Asl, Mohammadreza and Rezvani Khaledi, Sajjad},
   year={2025},
   month=Jul
}

